@article{ 1,
    author      = {Ali Alatabbi, Costas S. Iliopoulos},
    title       = {Algorithms for Longest Common Abelian Factors},
    journal     = {World Scientific},
    year        = {2016},
    note        = {Accepted for publication},
    langid      = {english}
}
